@Book{ieee754,
  author =       "{IEEE Task P754}",
  title =        "{ANSI\slash IEEE 754-1985, Standard for Binary
                 Floating-Point Arithmetic}",
  publisher =    "{IEEE}",
  address =      "New York, NY, USA",
  pages =        "20",
  day =          "12",
  month =        aug,
  year =         "1985",
  ISBN =         "1-55937-653-8",
  ISBN-13 =      "978-1-55937-653-2",
  bibdate =      "Thu Mar 02 09:57:22 2006",
  bibsource =    "http://www.math.utah.edu/pub/tex/bib/ieeestd.bib",
  note =         "Revised 1990.",
  price =        "US\$35.00",
  URL =          "http://ieeexplore.ieee.org/iel1/2355/1316/00030711.pdf;
}

@article{spec2006,
 author = {Henning, John L.},
 title = {SPEC CPU2006 Benchmark Descriptions},
 journal = {SIGARCH Comput. Archit. News},
 issue_date = {September 2006},
 volume = {34},
 number = {4},
 month = sep,
 year = {2006},
 issn = {0163-5964},
 pages = {1--17},
 numpages = {17},
 url = {http://doi.acm.org/10.1145/1186736.1186737},
 doi = {10.1145/1186736.1186737},
 acmid = {1186737},
 publisher = {ACM},
 address = {New York, NY, USA},
} 
