
@misc{BaxterTAS,
  title = {{NES} {M}ega {M}an 3, 4, 5 \& 6},
  author = {Baxter and AngerFist},
  note = {\url{http://tasvideos.org/871M.html}}
}
