
@book{kruschke2014doing,
  title={Doing {Bayesian} data analysis: A tutorial with {R}, {JAGS}, and {Stan}},
  author={Kruschke, John},
  year={2014},
  publisher={Academic Press},
  ISBN={9780124058880}
}

@article{hodgman2016snacks,
  title={Judge {John} {Hodgman} on Tech-Firm Snacks},
author={Hodgman, John},
  year={2016},
  month={Jan},
  day={21},
  journal={New York Times Magazine},
  url={nytimes.com/2016/01/24/magazine/judge-john-hodgman-on-tech-firm-snacks.html}
}
  