@article{murphy2013first,
  title={The First Level of Super Mario Bros.~is Easy with Lexicographic Orderings and Time Travel. After that it gets a little tricky},
  author={VII, Murphy, Tom},
  month={April},
  journal = {{SIGBOVIK}},
  pages={112--133},
  year={2013}
}

@misc{wikipedia2016bolero,
 author = "Wikipedia",
 title = "Bol\'ero --- {W}ikipedia{,} The Free Encyclopedia",
 year = "2016",
 url = "http://en.wikipedia.org/wiki/Bol\'ero",
 note = "[Online; accessed 13-March-2016]"
}
