
@misc{FCEUX,
  title = {{FCEUX}, the all in one {NES}/{F}amicom emulator},
  author = {adelikat et al.},
  note = {\url{http://fceux.com/}},
}

@misc{BaxterTAS,
  title = {{NES} {M}ega {M}an 3, 4, 5 \& 6},
  author = {Baxter and AngerFist},
  note = {\url{http://tasvideos.org/871M.html}}
}

@misc{CityHash,
  author = {gpike and jyrki},
  institution = {Google},
  title = {The {CityHash} family of hash functions},
  year = {2011},
  note = {\url{https://code.google.com/p/cityhash/}},
}

@techreport{Burrows,
  institution = {{D}igital {E}quipment {C}orporation},
  author = {Michael Burrows and David Wheeler},
  title = {A block sorting lossless data compression algorithm},
  number = {Technical Report 124},
  year = {1994},
}

@misc{SDLNet,
  author = {Sam Latinga and Roy Wood and Masahiro Minami},
  title = {{SDL}\_net 1.2},
  note = {\url{http://www.libsdl.org/projects/SDL_net/}},
  year = {2012},
}

@misc{ProtoBuf,
  title = {Protocol Buffers},
  author = {kenton and jasonh and temporal and liujisi and wenboz and xiaofeng},
  note = {\url{https://code.google.com/p/protobuf/}},
  year = {2013},
}

@article{GeneralizedSuper,
  author = {Vargomax V. Vargomax},
  year = {2007},
  month = {April},
  pages = {87--88},
  journal = {{SIGBOVIK}},
}