@article {algorithms,
   journal = {{SIGBOVIK} 2012},
   title = {Algorithms for $k/n$ {P}ower-{H}ours},
   author = {Ben Blum and Chris Martens and William Lovas and Murphy, {VII}, Tom},
   year = {2012},
   month = {April},
   pages = {29--33},
}

@article {abstract,
  author = { P. Cousot and R. Cousot},
  title = {Abstract interpretation: a unified lattice model for static analysis of programs by construction or approximation of fixpoints.},
  journal = {4th {POPL}}, 
  pages= { 238--252}
  year = {1977},
  location = {Los Angeles, CA},
  publisher = {{ACM} Press},
}