@article{murphy2013first,
  title={The First Level of Super Mario Bros.~is Easy with Lexicographic Orderings and Time Travel. After that it gets a little tricky},
  author={Murphy, VII, Tom},
  month={April},
  journal = {{SIGBOVIK}},
  pages={112--133},
  year={2013}
}

@misc{wikipedia2016bolero,
 author = "Wikipedia",
 title = "Bol\'ero --- {W}ikipedia{,} The Free Encyclopedia",
 year = "2016",
 url = "http://en.wikipedia.org/wiki/Bol\'{e}ro",
 note = "[Online; accessed 13-March-2016]"
}

@misc{fceux,
  title = {{FCEUX}, the all in one {NES}/{F}amicom emulator},
  author = {adelikat et al.},
  note = {\url{http://fceux.com/}},
}

@article{tarjan1975efficiency,
 author = {Tarjan, Robert Endre},
 title = {Efficiency of a Good But Not Linear Set Union Algorithm},
 journal = {J. ACM},
 issue_date = {April 1975},
 volume = {22},
 number = {2},
 month = apr,
 year = {1975},
 issn = {0004-5411},
 pages = {215--225},
 numpages = {11},
 url = {http://doi.acm.org/10.1145/321879.321884},
 doi = {10.1145/321879.321884},
 acmid = {321884},
 publisher = {ACM},
 address = {New York, NY, USA},
} 