@misc{sico,
  author =       "Murphy, VII, Tom",
  title =        "{SICO} chess variations",
  publisher =    "{snoot.org}",
  address =      "Pittsburgh, PA, USA",
  day =          "24",
  month =        Apr,
  year =         "2008",
  note =         "\url{http://snoot.org/toys/sico/variations.html}",
}

@book{pawnless,
  author = "John Nunn",
  title = "Secrets of pawnless endings",
  year = "2002",
  month = May,
  day = "1",
  ISBN = "978-1-901983-65-4",
  publisher = "Gambit publications",
  edition = "2nd",
}

