@article {algorithms,
   journal = {{SIGBOVIK} 2012},
   title = {Algorithms for $k/n$ {P}ower-{H}ours},
   author = {Ben Blum and Chris Martens and William Lovas and Murphy, {VII}, Tom},
   year = {2012},
   month = {April},
   pages = {29--33},
}
