 @misc{ alice,
   author = "Wikipedia",
   title = "Alice (software)",
   year = "2007",
   note = "\url{http://en.wikipedia.org/wiki/Alice %28software%29}",
 }
